<?xml version="1.0" encoding="UTF-8"?><record xmlns="http://www.loc.gov/MARC21/slim" xmlns:cinclude="http://apache.org/cocoon/include/1.0" xmlns:zs="http://www.loc.gov/zing/srw/">
  <leader>00308nz  a2200121n  4500</leader>
  <controlfield tag="001">n 2003047801</controlfield>
  <controlfield tag="003">DLC</controlfield>
  <controlfield tag="005">20030609094505.0</controlfield>
  <controlfield tag="008">030609n| acannaabn          |n aaa      </controlfield>
  <datafield tag="010" ind1=" " ind2=" ">
    <subfield code="a">n 2003047801</subfield>
  </datafield>
  <datafield tag="040" ind1=" " ind2=" ">
    <subfield code="a">DLC</subfield>
    <subfield code="b">eng</subfield>
    <subfield code="c">DLC</subfield>
  </datafield>
  <datafield tag="100" ind1="1" ind2=" ">
    <subfield code="a">Sim, Jeannie</subfield>
  </datafield>
  <datafield tag="670" ind1=" " ind2=" ">
    <subfield code="a">Reports of the case studies, 2001:</subfield>
    <subfield code="b">t.p. (Jeannie Sim)</subfield>
  </datafield>
</record>